



@inproceedings{Genz1984,
  title={Testing multidimensional integration routines},
  author={Genz, Alan},
  booktitle={Proc. of international conference on Tools, methods and languages for scientific and engineering computation},
  pages={81--94},
  year={1984}
}


@article{BratleyFoxNiederreiter1992,
  title={Implementation and Tests of Low-Discrepancy Sequences},
  author={Bratley, Paul and Fox, Bennett L and Niederreiter, Harald},
  journal={ACM Transactions on Modeling and Computer Simulation},
  volume={2},
  number={3},
  pages={195--213},
  year={1992},
  publisher={ACM New York, NY, USA}
}

@techreport{KhanPinsky2003,
     title = {{On some integrals over a unit sphere}},
     author = {Khan, T. and Pinsky, M.},
     year = {2003},
     institution = {Clemson University}
}


@article{Folland2001,
   author={Folland, G.},
   title={How to Integrate a Polynomial over a Sphere},
   journal={The American Mathematical Monthly},
   volume={108},
   number={5},
   year=2001,
   pages={446--448}
}


@MISC {IntegralSimplex,
    TITLE = {Integration of a function on the simplex},
    AUTHOR = {Dimitris (https://math.stackexchange.com/users/37229/dimitris)},
    HOWPUBLISHED = {Mathematics Stack Exchange},
    NOTE = {URL:https://math.stackexchange.com/q/1878128 (version: 2016-08-01)},
    EPRINT = {https://math.stackexchange.com/q/1878128},
    URL = {https://math.stackexchange.com/q/1878128}
}


@MISC {IntegralCos2,
    TITLE = {Putnam Exam Integral: $\lim_{n\to \infty} \int_0^1 \int_0^1...\int_0^1 \cos^2\big(\frac{\pi}{2n}(x_1+x_2+...x_n)\big)dx_1 dx_2...dx_n$},
    AUTHOR = {robjohn (https://math.stackexchange.com/users/13854/robjohn)},
    HOWPUBLISHED = {Mathematics Stack Exchange},
    NOTE = {URL:https://math.stackexchange.com/q/733464 (version: 2014-03-31)},
    EPRINT = {https://math.stackexchange.com/q/733464},
    URL = {https://math.stackexchange.com/q/733464}
}


@MISC {IntegralFloorCube,
    TITLE = {Compute $\int_0^1\int_0^1...\int_0^1\lfloor{x_1+x_2+...+x_n}\rfloor dx_1dx_2...dx_n$},
    AUTHOR = {Micah (https://math.stackexchange.com/users/30836/micah)},
    HOWPUBLISHED = {Mathematics Stack Exchange},
    NOTE = {URL:https://math.stackexchange.com/q/532824 (version: 2013-10-20)},
    EPRINT = {https://math.stackexchange.com/q/532824},
    URL = {https://math.stackexchange.com/q/532824}
}

@MISC {IntegralCubeMax,
    TITLE = {Calculate the following integral},
    AUTHOR = {lfc (https://math.stackexchange.com/users/253871/lfc)},
    HOWPUBLISHED = {Mathematics Stack Exchange},
    NOTE = {URL:https://math.stackexchange.com/q/1874340 (version: 2016-07-28)},
    EPRINT = {https://math.stackexchange.com/q/1874340},
    URL = {https://math.stackexchange.com/q/1874340}
}




